@Book{Munroe2015,
title = {What if?: serious scientific answers to absurd
    hypothetical questions},
author = {Randall Munroe},
publisher = {John Murray},
address = {London},
year = {2015},
ISBN = {9781848549562},
}

@Book{Adam2004,
title = {Per Anhalter durch die Galaxis},
author = {Douglas Adams},
publisher = {Rogner \& Bernhard bei Zweitausendeins},
address = {Frankfurt am Main},
year = {2004},
ISBN = {9783807701714},
}

@book{Munroe2010,
 author = {Munroe, Randal},
 title = {Xkcd : volume 0},
 publisher = {Breadpig},
 year = {2010},
 address = {San Francisco},
 ISBN = {9780615314464}
}